

@book{Hjerteinsufficiens,					
	author    = 	"Hanne Raml{\o}v Ivarsen og Ahmed Aziz",
    
	title     = 	"Sygdomsl{\ae}re for sundhedsprofessionelle",
    
	year      = 	"2013",
	
    publisher =     "Gads forlag",
    
	pages     =		"167--170"
}

@book{Hypertension,					
	author    = 	"Olav Sand, {\O}ystein V. Sjaastad, Egil Haug og Jan G. Bj{\aa}lie",
    
	title     = 	"Menneskets anatomi og fysiologi",
    
	year      = 	"2008",
	
    publisher =     "Gads forlag",
    
	pages     =		"289"
}

@book{Blodtryk,					
	author    = 	"Olav Sand, {\O}ystein V. Sjaastad, Egil Haug og Jan G. Bj{\aa}lie",
    
	title     = 	"Menneskets anatomi og fysiologi",
    
	year      = 	"2008",
	
    publisher =     "Gads forlag",
    
	pages     =		"280-292"
}

@book{DSB,					
	author    = 	"Richard G. Lyons",
	
	title     = 	"Understanding Digital Signal Processing",
	
	year      = 	"2011",
	
	publisher =     "Prentice Hall",
	
	pages     =		"2.1"
}

@book{ASB,					
	author    = 	"Rolande E. Thomas, Albert J. Rose, Gregory J. Toussaint",
	
	title     = 	"The Analysis and Design og Linear Circuits",
	
	year      = 	"2012",
	
	publisher =     "Wiley",
	
	pages     =		"764- 770"
}

@manual{INA, 
	
	title     = 	"INA114 Datasheet" 
	
}

@manual{DAQ, 
	
	title     = 	"NI-6009 DAQ Datasheet" 
	
}

@manual{Wikilavpas,
	
	title     = 	"https://en.wikipedia.org/wiki/Sallen%E2%80%93Key_topology : d. 02.12.2015 kl 13.16" 
	
}

@manual{Hypotension,
    
	title     = 	"http://prodoktor.dk/lavt-blodtryk/ :  d. 26.11.2015 kl. 09:33" 

}

@book{DSB,					
	author    = 	"Olav Sand, {\O}ystein V. Sjaastad, Egil Haug og Jan G. Bj{\aa}lie",
    
	title     = 	"Menneskets anatomi og fysiologi",
    
	year      = 	"2008",
	
    publisher =     "Gads forlag",
    
	pages     =		"280-292"
}
  