@book{Hjerteinsufficiens,					
	author    = 	"Hanne Raml{\o}v Ivarsen og Ahmed Aziz",
    
	title     = 	"Sygdomsl{\ae}re for sundhedsprofessionelle",
    
	year      = 	"2013",
	
    publisher =     "Gads forlag",
    
	pages     =		"167--170"
}

@book{3lagsmodel,					
	author    = 	"Lene Hauser",
	
	title     = 	"Trelagsmodel",
	
	year      = 	"2015",
	
	publisher =     "IHA",
	
	pages     =		"4"
}

@manual{Timer,					
	Title = "Testen af URL i referencer",
	
	Howpublished = "\url{http://stackoverflow.com/questions/1136399/how-to-update-textbox-on-gui-from-another-thread-in-c-sharp}",
	
	note = "Online, accessed 03.12"
	
}

@book{DSBsoft,					
	author    = 	"Steven W. Smith",
	
	title     = 	"The Scientist and Engineer's Guide to Digital Signal Processing",
	
	year      = 	"1997",
	
	publisher =     "California Technical Punlishing",
	
	pages     =		"277-284"
}

@book{Hypertension,					
	author    = 	"Olav Sand, {\O}ystein V. Sjaastad, Egil Haug og Jan G. Bj{\aa}lie",
    
	title     = 	"Menneskets anatomi og fysiologi",
    
	year      = 	"2008",
	
    publisher =     "Gads forlag",
    
	pages     =		"289"
}

@book{DSB,					
	author    = 	"Richard G. Lyons",
	
	title     = 	"Understanding Digital Signal Processing",
	
	year      = 	"2011",
	
	publisher =     "Prentice Hall",
	
	pages     =		"2.1"
}

@book{ASB,					
	author    = 	"Rolande E. Thomas, Albert J. Rose, Gregory J. Toussaint",
	
	title     = 	"The Analysis and Design og Linear Circuits",
	
	year      = 	"2012",
	
	publisher =     "Wiley",
	
	pages     =		"764- 770"
}

@book{Instrumentation,					
	author    = 	"Peter Johansen",
	
	title     = 	"Instrumentationsforst√¶rkeren",
	
	year      = 	"2014",
	
	publisher =     "IHA",
	
	pages     =		"1 -9"
}

@manual{INA, 
	
	title     = 	"INA114 Datasheet" 
	
}

@manual{DAQ, 
	
	title     = 	"NI-6009 DAQ Datasheet" 
	
}




@misc{Wikilavpas,
	Author 	=	 "", 
	
	Title 	=	 "Sallen Key",
	
	Howpublished = 	"\url{https://en.wikipedia.org/wiki/Sallen%E2%80%93Key_topology}",
	
	Year 	=	 "", 
	
	Note 	=	 "Online, accessed 15.12" 
}

@misc{Hypotension,
	
	Author 		= "",
	title    	= 	"Hypotension", 
	Howpublished = "\url{http://prodoktor.dk/lavt-blodtryk/}",
	note = "Online, accessed 26.11"
}


@book{Blodtryk,					
	author    = 	"Olav Sand, {\O}ystein V. Sjaastad, Egil Haug og Jan G. Bj{\aa}lie",
    
	title     = 	"Menneskets anatomi og fysiologi",
    
	year      = 	"2008",
	
    publisher =     "Gads forlag",
    
	pages     =		"280-292"
	
}



@misc{Integration,
	Author 	=	 "Kurt N{\o}rmark", 
	
	Title 	=	 "Objekt-orienteret Programmering Introduktion, Integrationstest",
	
	Howpublished = 	"\url{http://people.cs.aau.dk/~normark/prog1-01/html/noter/test-dokumentation-note-integrationstest.html}",
	
	Year 	=	 "2001", 
	
	Note 	=	 "Online, accessed 14.12" 
}

@book{ISE,					
	author    = 	"Kim  Bjerge",
	
	title     = 	"Development Processes",
	
	year      = 	"2015",
	
	publisher =     "IHA",
	
	pages     =		"11, 12, 41 "
	
}
  

  